@article{kim-2014-cdses-nanow,
  author =	 {Kim, Jong-Pil and Christians, Jeffrey A. and Choi,
                  Hyunbong and Krishnamurthy, Sachidananda and Kamat,
                  Prashant V.},
  title =	 {Cdses Nanowires: Compositionally Controlled Band Gap
                  and Exciton Dynamics},
  journal =	 {The Journal of Physical Chemistry Letters},
  volume =	 5,
  number =	 7,
  pages =	 {1103-1109},
  year =	 2014,
  doi =		 {10.1021/jz500280g},
  URL =		 { https://doi.org/10.1021/jz500280g },
  eprint =	 { https://doi.org/10.1021/jz500280g },
  note =	 {PMID: 26274456},
}



@article{swanson-2017-co-sublim,
  author =	 "Drew E. Swanson and James R. Sites and Walajabad
                  S. Sampath",
  title =	 {Co-Sublimation of Cdsexte1-x Layers for Cdte Solar
                  Cells},
  journal =	 "Solar Energy Materials and Solar Cells",
  volume =	 159,
  pages =	 "389 - 394",
  year =	 2017,
  doi =		 {10.1016/j.solmat.2016.09.025},
  url =		 "http://www.sciencedirect.com/science/article/pii/S0927024816303634",
  issn =	 "0927-0248",
}



@article{mannodi-kanakkithodi-2021-data-driven-new,
  author =	 {Arun Mannodi-Kanakkithodi and Maria K. Y. Chan},
  title =	 {Data-Driven Design of Novel Halide Perovskite
                  Alloys},
  journal =	 {Energy and Environmental Science},
  year =	 2021,
  doi =          {10.1039/D1EE02971A},
  url =		 {http://arxiv.org/},
  archivePrefix ={arXiv},
  eprint =	 {3941522},
  primaryClass = {cond-mat.mtrl-sci},
}



@article{almora-2020-devic-perfor,
  author =	 {Osbel Almora and Derya Baran and Guillermo C. Bazan
                  and Christian Berger and Carlos I. Cabrera and Kylie
                  R. Catchpole and Sule Erten‐Ela and Fei Guo and Jens
                  Hauch and Anita W. Y. Ho‐Baillie and T. Jesper
                  Jacobsson and Rene A. J. Janssen and Thomas
                  Kirchartz and Nikos Kopidakis and Yongfang Li and
                  Maria A. Loi and Richard R. Lunt and Xavier Mathew
                  and Michael D. McGehee and Jie Min and David
                  B. Mitzi and Mohammad K. Nazeeruddin and Jenny
                  Nelson and Ana F. Nogueira and Ulrich W. Paetzold
                  and Nam‐Gyu Park and Barry P. Rand and Uwe Rau and
                  Henry J. Snaith and Eva Unger and L{\'i}dice
                  Vaillant‐Roca and Hin‐Lap Yip and Christoph
                  J. Brabec},
  title =	 {Device Performance of Emerging Photovoltaic
                  Materials (Version 1)},
  journal =	 {Advanced Energy Materials},
  volume =	 11,
  number =	 11,
  pages =	 2002774,
  year =	 2020,
  doi =		 {10.1002/aenm.202002774},
  url =		 {http://dx.doi.org/10.1002/aenm.202002774},
  DATE_ADDED =	 {Tue Jan 11 12:41:52 2022},
}



@article{yang-2020-hyper-optim,
  author =	 "Li Yang and Abdallah Shami",
  title =	 {On Hyperparameter Optimization of Machine Learning
                  Algorithms: Theory and Practice},
  journal =	 "Neurocomputing",
  volume =	 415,
  pages =	 "295 - 316",
  year =	 2020,
  doi =		 {10.1016/j.neucom.2020.07.061},
  url =		 "http://www.sciencedirect.com/science/article/pii/S0925231220311693",
  issn =	 "0925-2312",
}



@Article{jacobsson-2021-open-acces,
  author =	 {Jacobsson, T. Jesper and Hultqvist, Adam and
                  Garc{\'i}a-Fern{\'a}ndez, Alberto and Anand, Aman
                  and Al-Ashouri, Amran and Hagfeldt, Anders and
                  Crovetto, Andrea and Abate, Antonio and
                  Ricciardulli, Antonio Gaetano and Vijayan, Anuja and
                  et al.},
  title =	 {An Open-Access Database and Analysis Tool for
                  Perovskite Solar Cells Based on the Fair Data
                  Principles},
  journal =	 {Nature Energy},
  year =	 2021,
  doi =		 {10.1038/s41560-021-00941-3},
  url =		 {http://dx.doi.org/10.1038/s41560-021-00941-3},
  issn =	 {2058-7546},
  month =	 {Dec},
  publisher =	 {Springer Science and Business Media LLC},
}



@Article{briones-2021-accel-lattic,
  author =	 {Briones, Jeric and Guinto, Mark Christian and
                  Pelicano, Christian Mark},
  title =	 {Accelerated Lattice Constant Prediction of
                  Perovskite Materials (ABX3, A2BB′O6) Using Partial
                  Least Squares and Principal Component Regression
                  Methods},
  journal =	 {Materials Letters},
  volume =	 298,
  pages =	 130040,
  year =	 2021,
  doi =		 {10.1016/j.matlet.2021.130040},
  url =		 {http://dx.doi.org/10.1016/j.matlet.2021.130040},
  issn =	 {0167-577X},
  month =	 {Sep},
  publisher =	 {Elsevier BV},
}

