

% IBPV Papers



@article{IB1,
author = {Luque, Antonio and Mart\'{\i}, Antonio and Stanley, Colin},
title = {Understanding intermediate-band solar cells},
journal = {Nature Photonics},
volume = {6},
number = {},
pages = {146-152},
year = {2012},
%doi = {10.1038/nphoton.2012.1},
%URL = { 
        https://doi.org/10.1038/nphoton.2012.1
}}


@article{IB2,
  title = {Production of Photocurrent due to Intermediate-to-Conduction-Band Transitions: A Demonstration of a Key Operating Principle of the Intermediate-Band Solar Cell},
  author = {Mart\'{\i}, A. and Antol\'{\i}n, E. and Stanley, C. R. and Farmer, C. D. and L\'opez, N. and D\'{\i}az, P. and C\'anovas, E. and Linares, P. G. and Luque, A.},
  journal = {Phys. Rev. Lett.},
  volume = {97},
  issue = {24},
  pages = {247701},
  numpages = {4},
  year = {2006},
  month = {Dec},
  publisher = {American Physical Society},
%  doi = {10.1103/PhysRevLett.97.247701},
%  url = {https://link.aps.org/doi/10.1103/PhysRevLett.97.247701}
}


@article{IB3,
author = {S. Sonoda},
title = {Partially filled intermediate band of Cr-doped GaN films},
journal = {Appl. Phys. Lett.},
volume = {100},
number = {20},
pages = {202101},
year = {2012},
%doi = {10.1063/1.4717716},

%URL = { https://doi.org/10.1063/1.4717716 },
%eprint = {         https://doi.org/10.1063/1.4717716
    
}


@article{IB4,
author = {Chongyin Yang and Mingsheng Qin and Yaoming Wang and Dongyun Wan and Fuqiang Huang and Jianhua Lin},
title = {Observation of an Intermediate Band in Sn-doped Chalcopyrites with Wide-spectrum Solar Response},
journal = {Sci. Rep.},
volume = {3},
number = {1286},
pages = {1286},
year = {2013},
%doi = {10.1038/srep01286},

%URL = {        https://doi.org/10.1038/srep01286}
}


@article{IB5,
author = {J. T. Sullivan and C. B. Simmons and J. J. Krich and A. J. Akey and D. Recht and M. J. Aziz and T. Buonassisi},
title = {Methodology for vetting heavily doped semiconductors for intermediate band photovoltaics: A case study in sulfur-hyperdoped silicon},
journal = {J. Appl. Phys.},
volume = {114},
number = {10},
pages = {103701},
year = {2013},
%doi = {10.1063/1.4820454},

%URL = { 
%        https://doi.org/10.1063/1.4820454
    
%},
%eprint = { 
%        https://doi.org/10.1063/1.4820454 }

}


@article{IB6,
author = {Weiming Wang and Albert S. Lin and Jamie D. Phillips},
title = {Intermediate-band photovoltaic solar cell based on ZnTe:O},
journal = {Appl. Phys. Lett.},
volume = {95},
number = {1},
pages = {011103},
year = {2009},
%doi = {10.1063/1.3166863},

%URL = { 
%        https://doi.org/10.1063/1.3166863 },
%eprint = { 
%        https://doi.org/10.1063/1.3166863 }
}


@article{IB7,
author = {Y. Okada and N. J. Ekins-Daukes and T. Kita and R. Tamaki and M. Yoshida and A. Pusch and O. Hess and C. C. Phillips and D. J. Farrell and K. Yoshida and N. Ahsan and Y. Shoji and T. Sogabe and J.-F. Guillemoles},
title = {Intermediate band solar cells: Recent progress and future directions},
journal = {Appl. Phys. Rev.},
volume = {2},
number = {2},
pages = {021302},
year = {2015},
%doi = {10.1063/1.4916561},

%URL = {         https://doi.org/10.1063/1.4916561 },
%eprint = {         https://doi.org/10.1063/1.4916561 }

}


@Article{IB8,
author ="Sampson, M. D. and Park, J. S. and Schaller, R. D. and Chan, M. K. Y. and Martinson, A. B. F.",
title  ="Transition metal-substituted lead halide perovskite absorbers",
journal  ="J. Mater. Chem. A",
year  ="2017",
volume  ="5",
issue  ="7",
pages  ="3578-3588",
publisher  ="The Royal Society of Chemistry",
%doi  ="10.1039/C6TA09745F",
%url  ="http://dx.doi.org/10.1039/C6TA09745F",
}










@article{IB9,
title = "Photoreflectance studies of optical transitions in GaNPAs intermediate band solar cell absorbers",
journal = "Solar Energy Materials and Solar Cells",
volume = "188",
pages = "99 - 104",
year = "2018",
issn = "0927-0248",
%doi = "https://doi.org/10.1016/j.solmat.2018.08.024",
%url = "http://www.sciencedirect.com/science/article/pii/S0927024818304367",
author = "K. Zelazna and R. Kudrawiec and A. Luce and K.-M. Yu and Y.J. Kuang (邝彦瑾) and C.W. Tu and W. Walukiewicz",
%keywords = "Intermediate band, Photoreflectance, GaNPAs, Band structure",
}


@article{IB10,
title = "GaN intermediate band solar cells with Mn-doped absorption layer",
journal = "Scientific Reports",
volume = "8",
pages = "8641",
year = "2018",
issn = "",
%doi = "10.1038/s41598-018-27005-z",
author = "Lee, Ming-Lun and Huang, Feng-Wen and Chen, Po-Cheng and Sheu, Jinn-Kong",
}


@article{IB11,
 year={2018},
 issn={2170-161X},
 journal={Journal of New Technology and Materials},
 volume={8},
 number={1},
 doi={},
 title={Predicted theoretical efficiency for new intermediate band solar cells (IBSC) based on GaAs1-xNx},
% url={https://www.asjp.cerist.dz/en/article/54776},
 publisher= {www.asjp.cerist.dz},
% keywords={GaAsN; Solar cell; IBSC; Conversion efficiency;},
 author={Aicha BOUMESJED, },
 pages={102-109},
 language={En}}
 
 
@ARTICLE{IB12,
   author = {{Wahn{\'o}n}, P. and {Tablero}, C.},
    title = "{Ab initio electronic structure calculations for metallic intermediate band formation in photovoltaic materials}",
  journal = {Phys. Rev. B.},
     year = 2002,
    month = apr,
   volume = 65,
   number = 16,
      eid = {165115},
    pages = {165115},
%      doi = {10.1103/PhysRevB.65.165115},
%   adsurl = {http://adsabs.harvard.edu/abs/2002PhRvB..65p5115W},
%  adsnote = {Provided by the SAO/NASA Astrophysics Data System}
}













% Defect Experiments


@Article{DefectExpt1,
author ="Heo, Sung and Seo, Gabseok and Lee, Yonghui and Lee, Dongwook and Seol, Minsu and Lee, Jooho and Park, Jong-Bong and Kim, Kihong and Yun, Dong-Jin and Kim, Yong Su and Shin, Jai Kwang and Ahn, Tae Kyu and Nazeeruddin, Mohammad Khaja",
title  ="Deep level trapped defect analysis in CH$_3$NH$_3$PbI$_3$ perovskite solar cells by deep level transient spectroscopy",
journal  ="Energy Environ. Sci.",
year  ="2017",
volume  ="10",
issue  ="5",
pages  ="1128-1133",
publisher  ="The Royal Society of Chemistry",
%doi  ="10.1039/C7EE00303J",
%url  ="http://dx.doi.org/10.1039/C7EE00303J",
}





@article{DefectExpt2,
author = {Rosenberg,John W.  and Legodi,Matshisa J.  and Rakita,Yevgeny  and Cahen,David  and Diale,Mmantsae },
title = {Laplace current deep level transient spectroscopy measurements of defect states in methylammonium lead bromide single crystals},
journal = {J. Appl. Phys.},
volume = {122},
number = {14},
pages = {145701},
year = {2017},
%doi = {10.1063/1.4995970},
}



@article{DefectExpt3,
title = {Cathodoluminescence of defects in diamond films and particles grown by hot-filament chemical-vapor deposition},
author = {Robins, L. H. and Cook, L. P. and Farabaugh, E. N. and Feldman, A.},
journal = {Phys. Rev. B},
volume = {39},
  issue = {18},
  pages = {13367--13377},
  numpages = {0},
  year = {1989},
  month = {Jun},
  publisher = {American Physical Society},
%  doi = {10.1103/PhysRevB.39.13367},
%  url = {https://link.aps.org/doi/10.1103/PhysRevB.39.13367}
}


@article{DefectExpt4,
author = {Mitsui,Tadashi  and Yamamoto,Naoki  and Tadokoro,Toyoyasu  and Ohta,Shinâichi },
title = {Cathodoluminescence image of defects and luminescence centers in ZnS/GaAs(100)},
journal = {Journal of Applied Physics},
volume = {80},
number = {12},
pages = {6972-6979},
year = {1996},
%doi = {10.1063/1.363770},
}

















% Correction


@article{Corr1,
  title = {Fully Ab Initio Finite-Size Corrections for Charged-Defect Supercell Calculations},
  author = {Freysoldt, Christoph and Neugebauer, J\"org and Van de Walle, Chris G.},
  journal = {Phys. Rev. Lett.},
  volume = {102},
  issue = {1},
  pages = {016402},
  numpages = {4},
  year = {2009},
  month = {Jan},
  publisher = {American Physical Society},
%  doi = {10.1103/PhysRevLett.102.016402},
%  url = {https://link.aps.org/doi/10.1103/PhysRevLett.102.016402},
}



@article{Corr2,
  title = {First-principles calculations for point defects in solids},
  author = {Freysoldt, Christoph and Grabowski, Blazej and Hickel, Tilmann and Neugebauer, J\"org and Kresse, Georg and Janotti, Anderson and Van de Walle, Chris G.},
  journal = {Rev. Mod. Phys.},
  volume = {86},
  issue = {1},
  pages = {253--305},
  numpages = {53},
  year = {2014},
  month = {Mar},
  publisher = {American Physical Society},
%  doi = {10.1103/RevModPhys.86.253},
%  url = {https://link.aps.org/doi/10.1103/RevModPhys.86.253},
}










% Defect Papers


@article{Def1,
author = {Mannodi-Kanakkithodi, Arun and Park, Ji-Sang and Jeon, Nari and Cao, Duyen H. and Gosztola, David J. and Martinson, Alex B. F. and Chan, Maria K. Y.},
title = {Comprehensive Computational Study of Partial Lead Substitution in Methylammonium Lead Bromide},
journal = {Chemistry of Materials},
volume = {31},
number = {10},
pages = {3599-3612},
year = {2019},
%doi = {10.1021/acs.chemmater.8b04017},

%URL = {         https://doi.org/10.1021/acs.chemmater.8b04017 },
%eprint = {         https://doi.org/10.1021/acs.chemmater.8b04017 }

}





@article{Def2,
author = {Tingting Shi and Wan-Jian Yin and Feng Hong and Kai Zhu and Yanfa Yan},
title = {Unipolar self-doping behavior in perovskite CH$_3$NH$_3$PbBr$_3$},
journal = {Appl. Phys. Lett.},
volume = {106},
number = {10},
pages = {103902},
year = {2015},
%doi = {10.1063/1.4914544},

%URL = {         https://doi.org/10.1063/1.4914544    },
%eprint = {         https://doi.org/10.1063/1.4914544  }
}



@article{Def3,
author = {Ji Sang Park and Sunghyun Kim and Zijuan Xie and Aron Walsh},
title = {Point defect engineering in thin-film solar cells},
journal = {Nature Rev. Mater.},
volume = {37},
number = {},
pages = {194–210},
year = {2018},
%doi = {10.1038/s41578-018-0026-7},
}


@article{fermi_eqm,
  title = {Intrinsic stoichiometry and oxygen-induced $p$-type conductivity of pyrite {FeS}$_{2}$},
  author = {Sun, Ruoshi and Chan, M. K. Y. and Kang, ShinYoung and Ceder, G.},
  journal = {Phys. Rev. B},
  volume = {84},
  issue = {3},
  pages = {035212},
  numpages = {7},
  year = {2011},
  month = {Jul},
  publisher = {American Physical Society},
%  doi = {10.1103/PhysRevB.84.035212},
%  url = {https://link.aps.org/doi/10.1103/PhysRevB.84.035212}
}












%  Defect Levels


@article {Defect_levels_1,
	author = {Queisser, Hans J. and Haller, Eugene E.},
	title = {Defects in Semiconductors: Some Fatal, Some Vital},
	volume = {281},
	number = {5379},
	pages = {945--950},
	year = {1998},
%	doi = {10.1126/science.281.5379.945},
	publisher = {American Association for the Advancement of Science},
	issn = {0036-8075},
%	URL = {https://science.sciencemag.org/content/281/5379/945},
%	eprint = {https://science.sciencemag.org/content/281/5379/945.full.pdf},
	journal = {Science}
}


@article {Defect_levels_2,
	author = {Walsh, Aron and Zunger, Alex},
	title = {Instilling defect tolerance in new compounds},
	volume = {16},
	number = {},
	pages = {964–-967},
	year = {2017},
%	doi = {doi.org/10.1038/nmat4973},
	publisher = {Nature Publishing Group},
	journal = {Nat. Mater.}
}


@article{Defect_levels_3,
author = {Kim, Sunghyun and Park, Ji-Sang and Walsh, Aron},
title = {Identification of Killer Defects in Kesterite Thin-Film Solar Cells},
journal = {ACS Energy Letters},
volume = {3},
number = {2},
pages = {496--500},
year = {2018},
%doi = {10.1021/acsenergylett.7b01313},
}


@Inbook{Defect_levels_4,
author="Yan, Yanfa and Yin, WanJian and Shi, Tingting and Meng, Weiwei and Feng, Chunbao",
title="Defect Physics of CH$_3$NH$_3$PbX$_3$ (X = I, Br, Cl) Perovskites",
bookTitle="Organic-Inorganic Halide Perovskite Photovoltaics: From Fundamentals to Device Architectures",
publisher="Springer International Publishing",
year= {2016},
pages = {79--105},
%isbn="978-3-319-35114-8",
%doi="10.1007/978-3-319-35114-8_4",
%url="https://doi.org/10.1007/978-3-319-35114-8_4"
}











% Defect DFT Papers



@article{Defect_DFT_1,
author = {Alkauskas,Audrius  and McCluskey,Matthew D.  and Van de Walle,Chris G. },
title = {Tutorial: Defects in semiconductors—Combining experiment and theory},
journal = {Journal of Applied Physics},
volume = {119},
number = {18},
pages = {181101},
year = {2016},
%doi = {10.1063/1.4948245},
%URL = {         https://doi.org/10.1063/1.4948245 },
%eprint = {         https://doi.org/10.1063/1.4948245    }

}


@article{Defect_DFT_2,
author = {Brandt, Riley E. and Poindexter, Jeremy R. and Gorai, Prashun and Kurchin, Rachel C. and Hoye, Robert L. Z. and Nienhaus, Lea and Wilson, Mark W. B. and Polizzotti, J. Alexander and Sereika, Raimundas and Žaltauskas, Raimundas and Lee, Lana C. and MacManus-Driscoll, Judith L. and Bawendi, Moungi and Stevanović, Vladan and Buonassisi, Tonio},
title = {Searching for “Defect-Tolerant” Photovoltaic Materials: Combined Theoretical and Experimental Screening},
journal = {Chemistry of Materials},
volume = {29},
number = {11},
pages = {4667-4674},
year = {2017},
%doi = {10.1021/acs.chemmater.6b05496},

%URL = {         https://doi.org/10.1021/acs.chemmater.6b05496 },
%eprint = {         https://doi.org/10.1021/acs.chemmater.6b05496    }

}


@article{Defect_DFT_3,
title = "PyCDT: A Python toolkit for modeling point defects in semiconductors and insulators",
journal = "Computer Physics Communications",
volume = "226",
pages = "165 - 179",
year = "2018",
issn = "0010-4655",
%doi = "https://doi.org/10.1016/j.cpc.2018.01.004",
%url = "http://www.sciencedirect.com/science/article/pii/S0010465518300079",
author = "Danny Broberg and Bharat Medasani and Nils E.R. Zimmermann and Guodong Yu and Andrew Canning and Maciej Haranczyk and Mark Asta and Geoffroy Hautier",
}


@article{Defect_DFT_4,
	year = 2009,
	month = {nov},
	publisher = {{IOP} Publishing},
	volume = {17},
	number = {8},
	pages = {084003},
	author = {C W M Castleton and A Höglund and S Mirbt},
	title = {Density functional theory calculations of defect energies using supercells},
	journal = {Modelling and Simulation in Materials Science and Engineering},
}


@article{Defect_DFT_5,
author = {Dreyer, Cyrus E. and Alkauskas, Audrius and Lyons, John L. and Janotti, Anderson and Van de Walle, Chris G.},
title = {First-Principles Calculations of Point Defects for Quantum Technologies},
journal = {Annual Review of Materials Research},
volume = {48},
number = {1},
pages = {1-26},
year = {2018},
%doi = {10.1146/annurev-matsci-070317-124453},
}


@article{Defect_DFT_6,
  title = {Theory of Defect Levels and the ``Band Gap Problem'' in Silicon},
  author = {Schultz, Peter A.},
  journal = {Phys. Rev. Lett.},
  volume = {96},
  issue = {24},
  pages = {246401},
  numpages = {4},
  year = {2006},
  month = {Jun},
  publisher = {American Physical Society},
%  doi = {10.1103/PhysRevLett.96.246401},
%  url = {https://link.aps.org/doi/10.1103/PhysRevLett.96.246401}
}


@article{Defect_DFT_7,
  title = {Defect Energy Levels in Density Functional Calculations: Alignment and Band Gap Problem},
  author = {Alkauskas, Audrius and Broqvist, Peter and Pasquarello, Alfredo},
  journal = {Phys. Rev. Lett.},
  volume = {101},
  issue = {4},
  pages = {046405},
  numpages = {4},
  year = {2008},
  month = {Jul},
  publisher = {American Physical Society},
%  doi = {10.1103/PhysRevLett.101.046405},
%  url = {https://link.aps.org/doi/10.1103/PhysRevLett.101.046405}
}












% Experimental Band Gaps






@article{Expt_gap1,
title = "Co-sublimation of CdSexTe1−x layers for CdTe solar cells",
journal = "Solar Energy Materials and Solar Cells",
volume = "159",
pages = "389 - 394",
year = "2017",
issn = "0927-0248",
%doi = "https://doi.org/10.1016/j.solmat.2016.09.025",
%url = "http://www.sciencedirect.com/science/article/pii/S0927024816303634",
author = "Drew E. Swanson and James R. Sites and Walajabad S. Sampath",
}


@article{Expt_gap2,
author = {Kim, Jong-Pil and Christians, Jeffrey A. and Choi, Hyunbong and Krishnamurthy, Sachidananda and Kamat, Prashant V.},
title = {CdSeS Nanowires: Compositionally Controlled Band Gap and Exciton Dynamics},
journal = {The Journal of Physical Chemistry Letters},
volume = {5},
number = {7},
pages = {1103-1109},
year = {2014},
%doi = {10.1021/jz500280g},
%    note ={PMID: 26274456},

%URL = {         https://doi.org/10.1021/jz500280g    },
%eprint = {         https://doi.org/10.1021/jz500280g    }

}

@article{PBE_gap,
  title = {Efficient Band Gap Prediction for Solids},
  author = {Chan, M. K. Y. and Ceder, G.},
  journal = {Phys. Rev. Lett.},
  volume = {105},
  issue = {19},
  pages = {196403},
  numpages = {4},
  year = {2010},
  month = {Nov},
  publisher = {American Physical Society},
%  doi = {10.1103/PhysRevLett.105.196403},
%  url = {https://link.aps.org/doi/10.1103/PhysRevLett.105.196403}
}

@article{HSE_gap,
author = {Heyd,Jochen  and Peralta,Juan E.  and Scuseria,Gustavo E.  and Martin,Richard L. },
title = {Energy band gaps and lattice parameters evaluated with the Heyd-Scuseria-Ernzerhof screened hybrid functional},
journal = {The Journal of Chemical Physics},
volume = {123},
number = {17},
pages = {174101},
year = {2005},
%doi = {10.1063/1.2085170},

%URL = {         https://doi.org/10.1063/1.2085170    },
%eprint = {         https://doi.org/10.1063/1.2085170    }

}


@article{GW,
	year = 1998,
	month = {mar},
	publisher = {{IOP} Publishing},
	volume = {61},
	number = {3},
	pages = {237--312},
	author = {F Aryasetiawan and O Gunnarsson},
	title = {{TheGWmethod}},
	journal = {Reports on Progress in Physics},
}


























% Defect DFT + Expt. Papers




@article{DFT_expt_1,
  title = {Energy levels of isolated interstitial hydrogen in silicon},
  author = {Herring, Conyers and Johnson, N. M. and Van de Walle, Chris G.},
  journal = {Phys. Rev. B},
  volume = {64},
  issue = {12},
  pages = {125209},
  numpages = {27},
  year = {2001},
  month = {Sep},
  publisher = {American Physical Society},
%  doi = {10.1103/PhysRevB.64.125209},
%  url = {https://link.aps.org/doi/10.1103/PhysRevB.64.125209}
}



@article{DFT_expt_2,
  title = {Residual Native Shallow Donor in ZnO},
  author = {Look, D. C. and Hemsky, J. W. and Sizelove, J. R.},
  journal = {Phys. Rev. Lett.},
  volume = {82},
  issue = {12},
  pages = {2552--2555},
  numpages = {0},
  year = {1999},
  month = {Mar},
  publisher = {American Physical Society},
%  doi = {10.1103/PhysRevLett.82.2552},
%  url = {https://link.aps.org/doi/10.1103/PhysRevLett.82.2552}
}


@Article{DFT_expt_3,
author="Hofmann, D.M. and Pfisterer, D. and Sann, J. and Meyer, B.K. and Tena-Zaera, R. and Munoz-Sanjose, V. and Frank, T. and Pensl, G.",
title="Properties of the oxygen vacancy in ZnO",
journal="Applied Physics A",
year="2007",
month="Jul",
day="01",
volume="88",
number="1",
pages="147--151",
issn="1432-0630",
%doi="10.1007/s00339-007-3956-2",
%url="https://doi.org/10.1007/s00339-007-3956-2"
}


@article{DFT_expt_4,
	year = 1986,
	month = {apr},
	publisher = {Japan Society of Applied Physics},
	volume = {25},
	number = {Part 1, No. 4},
	pages = {533--537},
	author = {Masashi Suezawa and Koji Sumino},
	title = {Deep Defect Levels in Plastically Deformed {GaAs}},
	journal = {Japanese Journal of Applied Physics},
}


@article{DFT_expt_5,
	year = 1999,
	month = {jan},
	publisher = {{IOP} Publishing},
	volume = {14},
	number = {5},
	pages = {430--434},
	author = {P Fern{\'{a}}ndez and J Piqueras and A Urbieta and Y T Rebane and Y Shreter},
	title = {Deformation-induced defect levels in {ZnSe} crystals},
	journal = {Semiconductor Science and Technology},
}
















% CdTe Papers


@article{CdTe_rev_1,
	year = 2016,
	month = {jul},
	publisher = {{IOP} Publishing},
	volume = {31},
	number = {8},
	pages = {083002},
	author = {Ji-Hui Yang and Wan-Jian Yin and Ji-Sang Park and Jie Ma and Su-Huai Wei},
	title = {Review on first-principles study of defect properties of {CdTe} as a solar cell absorber},
	journal = {Semiconductor Science and Technology},}
}


@article{CdTe_rev_2,
author = {Martina Lingg and Annina Spescha and Stefan G. Haass and Romain Carron and Stephan Buecheler and Ayodhya N. Tiwari},
title = {Structural and electronic properties of CdTe1-xSex films and their application in solar cells},
journal = {Science and Technology of Advanced Materials},
volume = {19},
number = {1},
pages = {683-692},
year  = {2018},
publisher = {Taylor & Francis},
%doi = {10.1080/14686996.2018.1497403},
%    note ={PMID: 30294395},

%URL = {         https://doi.org/10.1080/14686996.2018.1497403    },
%eprint = {         https://doi.org/10.1080/14686996.2018.1497403    }

}












% Machine Learning



@article{ML_Varley,
author = {Varley, Joel B. and Samanta, Amit and Lordi, Vincenzo},
title = {Descriptor-Based Approach for the Prediction of Cation Vacancy Formation Energies and Transition Levels},
journal = {The Journal of Physical Chemistry Letters},
volume = {8},
number = {20},
pages = {5059-5063},
year = {2017},
%doi = {10.1021/acs.jpclett.7b02333},
%    note ={PMID: 28961000},

%URL = {         https://doi.org/10.1021/acs.jpclett.7b02333    },
%eprint = {         https://doi.org/10.1021/acs.jpclett.7b02333    }

}




@article{ML1,
author = {Ramprasad, Rampi and Batra, Rohit and Pilania, Ghanshyam and Mannodi-Kanakkithodi, Arun and Kim, Chiho},
title = {Machine learning in materials informatics: recent applications and prospects},
journal = {npj Computational Materials},
pages = {54},
publisher = {Nature Publishing Group}, 
volume = {3},
year = {2017}
}


@article{ML2,
  title = {Machine learning in materials design and discovery: Examples from the present and suggestions for the future},
  author = {Gubernatis, J. E. and Lookman, T.},
  journal = {Phys. Rev. Materials},
  volume = {2},
  issue = {12},
  pages = {120301},
  numpages = {15},
  year = {2018},
  month = {Dec},
  publisher = {American Physical Society},
%  doi = {10.1103/PhysRevMaterials.2.120301},
%  url = {https://link.aps.org/doi/10.1103/PhysRevMaterials.2.120301}
}


@article{ML3,
  title = {New frontiers for the materials genome initiative},
  author = {de Pablo, Juan J. and Jackson, Nicholas E. and Webb, Michael A. and Chen, Long-Qing and Moore, Joel E. and Morgan, Dane and Jacobs, Ryan and Pollock, Tresa and Schlom, Darrell G. and Toberer, Eric S. and Analytis, James and Dabo, Ismaila and DeLongchamp, Dean M. and Fiete, Gregory A. and Grason, Gregory M. and Hautier, Geoffroy and Mo, Yifei and Rajan, Krishna and Reed, Evan J. and Rodriguez, Efrain and Stevanovic, Vladan and Suntivich, Jin and Thornton, Katsuyo and Zhao, Ji-Cheng},
  journal = {npj Computational Materials},
  volume = {5},
  issue = {14},
  pages = {},
  numpages = {},
  year = {2019},
  publisher = {Nature Publishing Group},
%  doi = {10.1038/s41524-019-0173-4},
%  url = {https://doi.org/10.1038/s41524-019-0173-4}
}


@article{ML4,
title = "A machine learning approach for engineering bulk metallic glass alloys",
journal = "Acta Materialia",
volume = "159",
pages = "102 - 111",
year = "2018",
issn = "1359-6454",
%doi = "https://doi.org/10.1016/j.actamat.2018.08.002",
%url = "http://www.sciencedirect.com/science/article/pii/S1359645418306268",
}


@article{ML5,
title = "Materials informatics: From the atomic-level to the continuum",
journal = "Acta Materialia",
volume = "168",
pages = "473 - 510",
year = "2019",
issn = "1359-6454",
%doi = "https://doi.org/10.1016/j.actamat.2019.01.051",
%url = "http://www.sciencedirect.com/science/article/pii/S1359645419300667",
author = "J.M. Rickman and T. Lookman and S.V. Kalinin",
keywords = "Data analytics, Microstructure, Ferroelectrics, Electron microscopy, Battery materials",
}






@article{ML6,
author = {Xue, Dezhen and Balachandran, Prasanna V and Hogden, John and Theiler, James and Xue, Deqing and Lookman, Turab},
journal = {Nat. Commun.},
pages = {11241},
title = {{Accelerated search for materials with targeted properties by adaptive design}},
volume = {7},
year = {2016}
}


@article{ML7,
author = {Mannodi-Kanakkithodi, Arun and Pilania, Ghanshyam and Huan, Tran Doan and Lookman, Turab and Ramprasad, Rampi},
journal = {Sci. Rep.},
pages = {20952},
title = {{Machine Learning Strategy for Accelerated Design of Polymer Dielectrics}},
volume = {6},
year = {2016}
}


@article{ML8,
title = "Scoping the polymer genome: A roadmap for rational polymer dielectrics design and beyond",
journal = "Materials Today",
volume = "21",
number = "7",
pages = "785 - 796",
year = "2018",
author = "Arun Mannodi-Kanakkithodi and Anand Chandrasekaran and Chiho Kim and Tran Doan Huan and Ghanshyam Pilania and Venkatesh Botu and Rampi Ramprasad",
}


@article{ML9,
author = {Oliynyk, Anton O and Antono, Erin and Sparks, Taylor D and Ghadbeigi, Leila and Gaultois, Michael W and Meredig, Bryce and Mar, Arthur},
title = {High-Throughput Machine-Learning-Driven Synthesis of Full-Heusler Compounds},
journal = {Chem. Mater.},
year = {2016},
pages = {7324--7331},
volume = {28},
}


@article{ML10,
author = {Askerka, Mikhail and Li, Ziliang and Lempen, Mathieu and Liu, Yanan and Johnston, Andrew and Saidaminov, Makhsud I. and Zajacz, Zoltan and Sargent, Edward H.},
title = {Learning-in-Templates Enables Accelerated Discovery and Synthesis of New Stable Double Perovskites},
journal = {Journal of the American Chemical Society},
volume = {141},
number = {8},
pages = {3682-3690},
year = {2019},
%doi = {10.1021/jacs.8b13420},
%    note ={PMID: 30701964},

%URL = {         https://doi.org/10.1021/jacs.8b13420    },
%eprint = {         https://doi.org/10.1021/jacs.8b13420    }

}


@article {ML11,
author = {Zahrt, Andrew F. and Henle, Jeremy J. and Rose, Brennan T. and Wang, Yang and Darrow, William T. and Denmark, Scott E.},
title = {Prediction of higher-selectivity catalysts by computer-driven workflow and machine learning},
journal = {Science},
volume = {363},
pages = {6424},
year = {2019},
}


@article {ML12,
author = {Tran, Kevin and Ulissi, Zachary W.},
title = {Active learning across intermetallics to guide discovery of electrocatalysts for {CO}$_2$ reduction and {H}$_2$ evolution},
journal = {Nature Catalysis},
volume = {1},
pages = {696–-703},
year = {2018},
}


@article{ML13,
  title = {Autonomous efficient experiment design for materials discovery with Bayesian model averaging},
  author = {Talapatra, Anjana and Boluki, S. and Duong, T. and Qian, X. and Dougherty, E. and Arr\'oyave, R.},
  journal = {Phys. Rev. Materials},
  volume = {2},
  issue = {11},
  pages = {113803},
  numpages = {18},
  year = {2018},
  month = {Nov},
  publisher = {American Physical Society},
%  doi = {10.1103/PhysRevMaterials.2.113803},
%  url = {https://link.aps.org/doi/10.1103/PhysRevMaterials.2.113803}
}


@article{ML14,
title = "Multi-objective Bayesian materials discovery: Application on the discovery of precipitation strengthened NiTi shape memory alloys through micromechanical modeling",
journal = "Materials & Design",
volume = "160",
pages = "810 - 827",
year = "2018",
issn = "0264-1275",
%doi = "https://doi.org/10.1016/j.matdes.2018.10.014",
%url = "http://www.sciencedirect.com/science/article/pii/S026412751830769X",
author = "Alexandros Solomou and Guang Zhao and Shahin Boluki and Jobin K. Joy and Xiaoning Qian and Ibrahim Karaman and Raymundo Arróyave and Dimitris C. Lagoudas",
}


@article{ML15,
author = {Kim, Chiho and Pilania, Ghanshyam and Ramprasad, Ramamurthy},
issn = {0897-4756},
journal = {Chem. Mater.},
month = {mar},
number = {5},
pages = {1304--1311},
publisher = {American Chemical Society},
title = {{From Organized High-Throughput Data to Phenomenological Theory using Machine Learning: The Example of Dielectric Breakdown}},
volume = {28},
year = {2016}
}


@article{ML16,
author = {Vu, Kevin and Snyder, John C and Li, Li and Rupp, Matthias and Chen, Brandon F and Khelif, Tarek and M{\"{u}}ller, Klaus-Robert and Burke, Kieron},
issn = {1097-461X},
journal = {Int. J. Quant. Chem.},
number = {16},
pages = {1115--1128},
title = {{Understanding kernel ridge regression: Common behaviors from simple functions to density functionals}},
volume = {115},
year = {2015}
}


@book{ML17,
 author = {Vapnik, Vladimir N.},
 title = {The Nature of Statistical Learning Theory},
 year = {1995},
 isbn = {0-387-94559-8},
 publisher = {Springer-Verlag},
 address = {Berlin, Heidelberg},
}


@Article{ML18,
author="Couronn{\'e}, Raphael
and Probst, Philipp
and Boulesteix, Anne-Laure",
title="Random forest versus logistic regression: a large-scale benchmark experiment",
journal="BMC Bioinformatics",
year="2018",
month="Jul",
day="17",
volume="19",
number="1",
pages="270",
issn="1471-2105",
%doi="10.1186/s12859-018-2264-5",
%url="https://doi.org/10.1186/s12859-018-2264-5"
}


@Article{ML19,
author="Gauraha, Niharika",
title="Introduction to the LASSO",
journal="Resonance",
year="2018",
month="Apr",
day="01",
volume="23",
number="4",
pages="439--464",
issn="0973-712X",
%doi="10.1007/s12045-018-0635-x",
%url="https://doi.org/10.1007/s12045-018-0635-x"
}


@inbook{ML20,
 author = {Gómez-Bombarelli, Rafael and Aspuru-Guzik, Alán},
 booktitle = {Handbook of Materials Modeling},
 pages = {1-24},
 publisher = {},
 title = {Machine Learning and Big-Data in Computational Chemistry},
 year = {2018}
}















% CdTe Papers

@article{CdSeTe,
  title={Understanding the role of selenium in defect passivation for highly efficient selenium-alloyed cadmium telluride solar cells},
  author={Fiducia, Thomas AM and Mendis, Budhika G and Li, Kexue and Grovenor, Chris RM and Munshi, Amit H and Barth, Kurt and Sampath, Walajabad S and Wright, Lewis D and Abbas, Ali and Bowers, Jake W and others},
  journal={Nature Energy},
  volume = {4},
  pages={504-–511},
  year={2019},
  publisher={Nature Publishing Group}
}

@article{CdTe1,
title = "CdTe solar cells with efficiencies over 15$\%$",
journal = "Solar Energy Materials and Solar Cells",
volume = "35",
pages = "255 - 262",
year = "1994",
issn = "0927-0248",
%doi = "https://doi.org/10.1016/0927-0248(94)90148-1",
%url = "http://www.sciencedirect.com/science/article/pii/0927024894901481",
author = "C. Ferekides and J. Britt",
}


@article{CdTe2,
title = "High-efficiency polycrystalline CdTe thin-film solar cells",
journal = "Solar Energy",
volume = "77",
number = "6",
pages = "803 - 814",
year = "2004",
note = "Thin Film PV",
issn = "0038-092X",
%doi = "https://doi.org/10.1016/j.solener.2004.06.006",
%url = "http://www.sciencedirect.com/science/article/pii/S0038092X04001434",
author = "Xuanzhi Wu",
}


@article{CdTe3,
author = {Shockley,William  and Queisser,Hans J. },
title = {Detailed Balance Limit of Efficiency of p‐n Junction Solar Cells},
journal = {Journal of Applied Physics},
volume = {32},
number = {3},
pages = {510-519},
year = {1961},
%doi = {10.1063/1.1736034},

%URL = {         https://doi.org/10.1063/1.1736034    },
%eprint = {         https://doi.org/10.1063/1.1736034    }

}


@ARTICLE{ZB,
   author = {{Wei}, S.-H. and {Zhang}, S.~B.},
    title = "{Structure stability and carrier localization in CdX (X=S, Se, Te) semiconductors}",
  journal = {\prb},
 keywords = {II-VI semiconductors, Other semiconductor-to-semiconductor contacts p-n junctions and heterojunctions, Semiconductor compounds},
     year = 2000,
    month = sep,
   volume = 62,
    pages = {6944-6947},
%      doi = {10.1103/PhysRevB.62.6944},
%   adsurl = {http://adsabs.harvard.edu/abs/2000PhRvB..62.6944W},
%  adsnote = {Provided by the SAO/NASA Astrophysics Data System}
}


@article{Dmitry,
author = {Sankin, Igor and Krasikov, Dmitry},
title = {Kinetic Simulations of Cu Doping in Chlorinated CdSeTe PV Absorbers},
journal = {Physica status solidi (a)},
volume = {26},
pages = {1800887},
year = {2019},
%keywords = {CdTe, defect chemistry, kinetic simulations, thin-film photovoltaics},
%doi = {10.1002/pssa.201800887},
%url = {https://onlinelibrary.wiley.com/doi/abs/10.1002/pssa.201800887},
%eprint = {https://onlinelibrary.wiley.com/doi/pdf/10.1002/pssa.201800887},
}














@article{MP,
author = {Jain, Anubhav and Ong, Shyue Ping and Hautier, Geoffroy and Chen, Wei and Richards, William Davidson and Dacek, Stephen and Cholia, Shreyas and Gunter, Dan and Skinner, David and Ceder, Gerbrand and Persson, Kristin A.},
issn = {2166-532X},
journal = {APL Mater.},
month = {jul},
number = {1},
pages = {011002},
publisher = {American Institute of Physics},
title = {{Commentary: The Materials Project: A materials genome approach to accelerating materials innovation}},
volume = {1},
year = {2013}
}







@article{QSR,
	year = 2016,
	month = {sep},
	publisher = {{IOP} Publishing},
	volume = {28},
	number = {47},
	pages = {475901},
	author = {Zhijun Jiang and Yousra Nahas and Bin Xu and Sergey Prosandeev and Dawei Wang and Laurent Bellaiche},
	title = {Special quasirandom structures for perovskite solid solutions},
	journal = {Journal of Physics: Condensed Matter},
}














% Hybrid functional









@article{HSE1,
author = {Adamski,Nicholas L.  and Zhu,Zhen  and Wickramaratne,Darshana  and Van de Walle,Chris G. },
title = {Hybrid functional study of native point defects and impurities in ZnGeN2},
journal = {Journal of Applied Physics},
volume = {122},
number = {19},
pages = {195701},
year = {2017},
%doi = {10.1063/1.4999790},
}


@article{HSE2,
author = {Lou, Bibo and Jing, Weiguo and Lou, Liren and Zhang, Yongfan and Yin, Min and Duan, Chang-Kui},
title = {Hybrid Density Functional Study of the Local Structures and Energy Levels of CaAl2O4:Ce3+},
journal = {The Journal of Physical Chemistry A},
volume = {122},
number = {17},
pages = {4306-4312},
year = {2018},
%doi = {10.1021/acs.jpca.8b01913},
}


@article{HSE3,
author = "D. Krasikov and A. Knizhnik and B. Potapkin and S. Selezneva and T. Sommerer",
title = "First-principles-based analysis of the influence of {Cu} on {CdTe} electronic properties",
journal = "Thin Solid Films",
volume = "535",
pages = "322 - 325",
year = "2013",
issn = "0040-6090",
%doi = "https://doi.org/10.1016/j.tsf.2012.10.027",
%url = "http://www.sciencedirect.com/science/article/pii/S0040609012012977",
%keywords = "CdTe, Copper doping, Compensation, First principles, Computer simulation",
}


@article{HSE_mixing,
  title = {Spin-orbit coupling effects on predicting defect properties with hybrid functionals: A case study in CdTe},
  author = {Pan, Jie and Metzger, Wyatt K. and Lany, Stephan},
  journal = {Phys. Rev. B},
  volume = {98},
  issue = {5},
  pages = {054108},
  numpages = {9},
  year = {2018},
  month = {Aug},
  publisher = {American Physical Society},
%  doi = {10.1103/PhysRevB.98.054108},
%  url = {https://link.aps.org/doi/10.1103/PhysRevB.98.054108}
}

















%% CdTe expt defect level comparison papers





@article{Expt_comp1,
	year = 2015,
	month = {dec},
	publisher = {{IOP} Publishing},
	volume = {49},
	number = {3},
	pages = {035101},
	author = {A Lindström and S Mirbt and B Sanyal and M Klintenberg},
	title = {High resistivity in undoped {CdTe}: carrier compensation of Te antisites and Cd vacancies},
	journal = {Journal of Physics D: Applied Physics},
}


@article{Expt_comp2,
	year = 2017,
	publisher = {Nature},
	volume = {7},
	number = {},
	pages = {4563},
	author = {Ablekim, Tursun and Swain, Santosh K. and Yin, Wan-Jian and Zaunbrecher, Katherine and Burst, James and Barnes, Teresa M. and Kuciauskas, Darius and Wei, Su-Huai and Lynn, Kelvin G.},
	title = {Self-compensation in arsenic doping of CdTe},
	journal = {Scientific Reports},
}


@INPROCEEDINGS{Expt_comp3,
author={V. {Komin} and V. {Viswanathan} and B. {Tetali} and D. L. {Morel} and C. S. {Ferekides}},
booktitle={Conference Record of the Twenty-Eighth IEEE Photovoltaic Specialists Conference - 2000 (Cat. No.00CH37036)},
title={Investigation of deep levels in CdTe/CdS solar cells},
year={2000},
volume={},
number={},
pages={676-679},
ISSN={0160-8371},
month={Sep.},}


@ARTICLE{Expt_comp4,
author={M. {Ayoub} and M. {Hage-Ali} and J. M. {Koebel} and A. {Zumbiehl} and F. {Klotz} and C. {Rit} and R. {Regal} and P. {Fougeres} and P. {Siffert}},
journal={IEEE Transactions on Nuclear Science},
title={Annealing effects on defect levels of CdTe:Cl materials and the uniformity of the electrical properties},
year={2003},
volume={50},
number={2},
pages={229-237},
%keywords={cadmium compounds;chlorine;II-VI semiconductors;semiconductor counters;electrical resistivity;annealing;defect states;impurity states;photoconductivity;thermally stimulated currents;annealing effects;defect levels;uniformity;electrical properties;traveling heater method;thermal irregularities;semiconductor counters;resistivity;photoinduced transient current spectroscopy;PICTS;thermoelectric emission spectra;TEES;thermally stimulated current;TSC;activation energy;cross section;250 to 850 C;CdTe:Cl;Annealing;Conductivity;Argon;Spectroscopy;Crystalline materials;Crystals;Impurities;Optical materials;Temperature;Thermal resistance},
%doi={10.1109/TNS.2003.809981},
ISSN={0018-9499},
month={April},}


@article{Expt_comp5,
title = "Characterization of deep levels in CdTe by photo-EPR and related techniques",
journal = "Journal of Crystal Growth",
volume = "101",
number = "1",
pages = "404 - 413",
year = "1990",
issn = "0022-0248",
%doi = "https://doi.org/10.1016/0022-0248(90)91004-A",
%url = "http://www.sciencedirect.com/science/article/pii/002202489091004A",
author = "W. Jantsch and G. Hendorfer",
}


@article{Expt_comp6,
title = "Phosphorus implanted cadmium telluride solar cells",
journal = "Thin Solid Films",
volume = "519",
number = "21",
pages = "7153 - 7155",
year = "2011",
%note = "Proceedings of the EMRS 2010 Spring Meeting Symposium M: Thin Film Chalcogenide Photovoltaic Materials",
issn = "0040-6090",
%doi = "https://doi.org/10.1016/j.tsf.2011.01.389",
%url = "http://www.sciencedirect.com/science/article/pii/S0040609011004573",
author = "C. Kraft and A. Brömel and S. Schönherr and M. Hädrich and U. Reislöhner and P. Schley and G. Gobsch and R. Goldhahn and W. Wesch and H. Metzner",
}


@article{Intrinsic,
  title = {Native defects in CdTe},
  author = {Berding, M. A.},
  journal = {Phys. Rev. B},
  volume = {60},
  issue = {12},
  pages = {8943--8950},
  numpages = {0},
  year = {1999},
  month = {Sep},
  publisher = {American Physical Society},
%  doi = {10.1103/PhysRevB.60.8943},
%  url = {https://link.aps.org/doi/10.1103/PhysRevB.60.8943}
}















%% CdTe doping papers


@article{Doping_expt1,
title = "Self-compensation in arsenic doping of CdTe",
journal = "Scientific Reports",
volume = "7",
number = "1",
pages = "4563",
year = "2017",
author = "Ablekim, Tursun and Swain, Santosh K. and Yin, Wan-Jian and Zaunbrecher, Katherine and Burst, James and Barnes, Teresa M. and Kuciauskas, Darius and Wei, Su-Huai and Lynn, Kelvin G.",
}


@article{Doping_expt2,
author = {Soltani,M.  and Certier,M.  and Evrard,R.  and Kartheuser,E. },
title = {Photoluminescence of CdTe doped with arsenic and antimony acceptors},
journal = {Journal of Applied Physics},
volume = {78},
number = {9},
pages = {5626-5632},
year = {1995},
}


@article{Doping_expt3,
author = {Ahmad,Faisal R. },
title = {Magnetoresistance in p-type cadmium telluride doped with sodium},
journal = {Applied Physics Letters},
volume = {106},
number = {1},
pages = {012109},
year = {2015},
}


@Article{Doping_expt4,
author="Dharmadasa, I. M. and Ojo, A. A.",
title="Unravelling complex nature of {CdS}/{CdTe} based thin film solar cells",
journal="Journal of Materials Science: Materials in Electronics",
year="2017",
month="Nov",
day="01",
volume="28",
number="22",
pages="16598--16617",
}


@Article{Doping_expt5,
author="Swades Ranjan Bera and Satyajit Saha",
title="Fabrication and Characterization of Zn-doped CdTe nanoparticles based Dye sensitized solar cells",
journal="IOSR Journal of Electrical and Electronics Engineering",
year="2016",
volume="11",
number="6",
issn = "2278-1676",
pages="11--18",
}


@Article{Doping_expt6,
author="Xu, Hang
and Zeng, Guanggen
and Feng, Lianghuan
and Wu, Lili
and Liu, Cai
and Ren, Shengqiang
and Li, Kang
and Li, Bing
and Li, Wei
and Wang, Wenwu
and Zhang, Jingquan",
title="Application of Lithium Chloride Dopant in Fabrication of CdTe Solar Cells",
journal="Journal of Electronic Materials",
year="2017",
month="Feb",
day="01",
volume="46",
number="2",
pages="1331--1338",
}